% 数学建模教材参考文献
% 文件名：bibliography.bib

@book{giordano2014first,
  title={A First Course in Mathematical Modeling},
  author={Giordano, Frank R. and Fox, William P. and Horton, Steven B.},
  year={2014},
  publisher={Cengage Learning},
  edition={5th},
  address={Boston, MA}
}

@book{meerschaert2007mathematical,
  title={Mathematical Modeling},
  author={Meerschaert, Mark M.},
  year={2007},
  publisher={Academic Press},
  edition={3rd},
  address={San Diego, CA}
}

@book{姜启源2011数学建模,
  title={数学建模},
  author={姜启源 and 谢金星 and 叶俊},
  year={2011},
  publisher={高等教育出版社},
  edition={4},
  address={北京}
}

@book{司守奎2015数学建模算法与应用,
  title={数学建模算法与应用},
  author={司守奎 and 孙玺菁},
  year={2015},
  publisher={国防工业出版社},
  edition={2},
  address={北京}
}

@book{boyd2004convex,
  title={Convex Optimization},
  author={Boyd, Stephen and Vandenberghe, Lieven},
  year={2004},
  publisher={Cambridge University Press},
  address={Cambridge}
}

@book{nocedal2006numerical,
  title={Numerical Optimization},
  author={Nocedal, Jorge and Wright, Stephen J.},
  year={2006},
  publisher={Springer},
  edition={2nd},
  address={New York}
}

@book{casella2002statistical,
  title={Statistical Inference},
  author={Casella, George and Berger, Roger L.},
  year={2002},
  publisher={Duxbury Press},
  edition={2nd},
  address={Pacific Grove, CA}
}

@book{wasserman2004all,
  title={All of Statistics: A Concise Course in Statistical Inference},
  author={Wasserman, Larry},
  year={2004},
  publisher={Springer},
  address={New York}
}

@book{luenberger2008linear,
  title={Linear and Nonlinear Programming},
  author={Luenberger, David G. and Ye, Yinyu},
  year={2008},
  publisher={Springer},
  edition={3rd},
  address={New York}
}

@book{bertsekas2003nonlinear,
  title={Nonlinear Programming},
  author={Bertsekas, Dimitri P.},
  year={2003},
  publisher={Athena Scientific},
  edition={2nd},
  address={Belmont, MA}
}

@book{cormen2009introduction,
  title={Introduction to Algorithms},
  author={Cormen, Thomas H. and Leiserson, Charles E. and Rivest, Ronald L. and Stein, Clifford},
  year={2009},
  publisher={MIT Press},
  edition={3rd},
  address={Cambridge, MA}
}

@book{ross2014introduction,
  title={Introduction to Probability Models},
  author={Ross, Sheldon M.},
  year={2014},
  publisher={Academic Press},
  edition={11th},
  address={Oxford}
}

@book{durrett2019probability,
  title={Probability: Theory and Examples},
  author={Durrett, Rick},
  year={2019},
  publisher={Cambridge University Press},
  edition={5th},
  address={Cambridge}
}

@book{hastie2009elements,
  title={The Elements of Statistical Learning: Data Mining, Inference, and Prediction},
  author={Hastie, Trevor and Tibshirani, Robert and Friedman, Jerome},
  year={2009},
  publisher={Springer},
  edition={2nd},
  address={New York}
}

@book{bishop2006pattern,
  title={Pattern Recognition and Machine Learning},
  author={Bishop, Christopher M.},
  year={2006},
  publisher={Springer},
  address={New York}
}

@article{nelder1965simplex,
  title={A Simplex Method for Function Minimization},
  author={Nelder, J. A. and Mead, R.},
  journal={Computer Journal},
  volume={7},
  number={4},
  pages={308--313},
  year={1965},
  publisher={Oxford University Press}
}

@article{holland1992genetic,
  title={Genetic Algorithms},
  author={Holland, John H.},
  journal={Scientific American},
  volume={267},
  number={1},
  pages={66--72},
  year={1992},
  publisher={Scientific American}
}

@article{kirkpatrick1983optimization,
  title={Optimization by Simulated Annealing},
  author={Kirkpatrick, Scott and Gelatt, C. Daniel and Vecchi, Mario P.},
  journal={Science},
  volume={220},
  number={4598},
  pages={671--680},
  year={1983},
  publisher={American Association for the Advancement of Science}
}

@article{vapnik1995support,
  title={Support-Vector Networks},
  author={Vapnik, Vladimir and Cortes, Corinna},
  journal={Machine Learning},
  volume={20},
  number={3},
  pages={273--297},
  year={1995},
  publisher={Springer}
}

@article{breiman2001random,
  title={Random Forests},
  author={Breiman, Leo},
  journal={Machine Learning},
  volume={45},
  number={1},
  pages={5--32},
  year={2001},
  publisher={Springer}
}

@inproceedings{hinton2006reducing,
  title={Reducing the Dimensionality of Data with Neural Networks},
  author={Hinton, Geoffrey E. and Salakhutdinov, Ruslan R.},
  booktitle={Science},
  volume={313},
  number={5786},
  pages={504--507},
  year={2006}
}

@techreport{蒋国昌2020数学建模竞赛,
  title={数学建模竞赛指导与训练},
  author={蒋国昌 and 周义仓},
  year={2020},
  institution={西安交通大学},
  address={西安}
}

@misc{numpy2020,
  title={NumPy Documentation},
  author={{NumPy Development Team}},
  year={2020},
  howpublished={\url{https://numpy.org/doc/}},
  note={Accessed: 2024-01-01}
}

@misc{scipy2020,
  title={SciPy Documentation},
  author={{SciPy Development Team}},
  year={2020},
  howpublished={\url{https://scipy.org/}},
  note={Accessed: 2024-01-01}
}

@misc{matplotlib2020,
  title={Matplotlib Documentation},
  author={{Matplotlib Development Team}},
  year={2020},
  howpublished={\url{https://matplotlib.org/}},
  note={Accessed: 2024-01-01}
}

@misc{pandas2020,
  title={Pandas Documentation},
  author={{Pandas Development Team}},
  year={2020},
  howpublished={\url{https://pandas.pydata.org/}},
  note={Accessed: 2024-01-01}
}

@misc{sklearn2020,
  title={Scikit-learn Documentation},
  author={{Scikit-learn Development Team}},
  year={2020},
  howpublished={\url{https://scikit-learn.org/}},
  note={Accessed: 2024-01-01}
}

@misc{mcm2020,
  title={Mathematical Contest in Modeling},
  author={{COMAP}},
  year={2020},
  howpublished={\url{https://www.comap.com/contests/mcm-icm}},
  note={Accessed: 2024-01-01}
}

@misc{cumcm2020,
  title={全国大学生数学建模竞赛},
  author={{全国大学生数学建模竞赛组委会}},
  year={2020},
  howpublished={\url{http://www.mcm.edu.cn}},
  note={Accessed: 2024-01-01}
} 